<collection xmlns="http://www.loc.gov/MARC21/slim">
<record>
  <leader>01031nam0a22002411i 450 </leader>
  <controlfield tag="001">IT\ICCU\CNCE\069565</controlfield>
  <controlfield tag="005">20100315000000.0</controlfield>
  <datafield tag="012" ind1=" " ind2=" ">
    <subfield code="a">n-ra uaon siil gaCh (C) 1503 (R)</subfield>
    <subfield code="2">fei</subfield>
  </datafield>
  <datafield tag="100" ind1=" " ind2=" ">
    <subfield code="a">20070119d1503        0itac0103    ba</subfield>
  </datafield>
  <datafield tag="101" ind1=" " ind2=" ">
    <subfield code="a">ITA</subfield>
  </datafield>
  <datafield tag="102" ind1=" " ind2=" ">
    <subfield code="a">IT</subfield>
  </datafield>
  <datafield tag="200" ind1="1" ind2=" ">
    <subfield code="a">℗La ℗hystoria diuota della beata vergine &amp; martyre di Christo sancta Margherita  &amp; nuouamente racconcio elsuo volgare</subfield>
  </datafield>
  <datafield tag="210" ind1=" " ind2=" ">
    <subfield code="e">\Firenze!</subfield>
    <subfield code="g">impressa ad istantia di f. Piero Pacini da Pescia</subfield>
    <subfield code="h">1503</subfield>
  </datafield>
  <datafield tag="215" ind1=" " ind2=" ">
    <subfield code="a">\16! c.</subfield>
    <subfield code="c">ill.</subfield>
    <subfield code="d">4ʻ</subfield>
  </datafield>
  <datafield tag="500" ind1="1" ind2="1">
    <subfield code="3">IT\ICCU\CNCE\051328</subfield>
    <subfield code="a">Storia di s. Margherita</subfield>
  </datafield>
  <datafield tag="620" ind1=" " ind2=" ">
    <subfield code="a">IT</subfield>
    <subfield code="d">Firenze</subfield>
  </datafield>
  <datafield tag="712" ind1="0" ind2="0">
    <subfield code="a">Pacini, Piero</subfield>
    <subfield code="3">IT\ICCU\CNCT\000208</subfield>
    <subfield code="4">650</subfield>
  </datafield>
  <datafield tag="791" ind1="0" ind2="2">
    <subfield code="a">Pietro da Pescia</subfield>
    <subfield code="3">IT\ICCU\CNCT\003082</subfield>
    <subfield code="z">Pacini, Piero</subfield>
  </datafield>
  <datafield tag="791" ind1="0" ind2="0">
    <subfield code="a">Paccinus, Petrus</subfield>
    <subfield code="3">IT\ICCU\CNCT\004015</subfield>
    <subfield code="z">Pacini, Piero</subfield>
  </datafield>
  <datafield tag="791" ind1="0" ind2="0">
    <subfield code="a">Pacinis, Petrus de</subfield>
    <subfield code="3">IT\ICCU\CNCT\005171</subfield>
    <subfield code="z">Pacini, Piero</subfield>
  </datafield>
  <datafield tag="791" ind1="0" ind2="0">
    <subfield code="a">Pacinus, Petrus</subfield>
    <subfield code="3">IT\ICCU\CNCT\005172</subfield>
    <subfield code="z">Pacini, Piero</subfield>
  </datafield>
  <datafield tag="801" ind1=" " ind2="3">
    <subfield code="a">IT</subfield>
    <subfield code="b">ICCU</subfield>
    <subfield code="c">20201115</subfield>
  </datafield>
  <datafield tag="899" ind1=" " ind2=" ">
    <subfield code="a">Biblioteca del comune e dell&apos;Accademia etrusca. Cortona</subfield>
    <subfield code="1">AR0034</subfield>
    <subfield code="2">RT1 QE</subfield>
  </datafield>
</record>
</collection>
